@MISC{hardware:cdromspeed,
	title = {CD-ROM transfer speeds},
	author = {Computer Hope},
	year = {2012},
	url = {http://www.computerhope.com/jargon/c/cdrom.htm},
}

@MISC{hardware:dvdromspeed,
	title = {Measuring CD-ROM and DVD-ROM Performance},
	author = {Gabriel Torres},
	year = {2004},
	month = {11},
	url = {http://www.computerhope.com/jargon/c/cdrom.htm},
}

@MISC{hardware:bdromspeed,
	title = {Blu-ray Disc},
	author = {Wikipedia},
	year = {2013},
	url = {http://en.wikipedia.org/wiki/Blu-ray_Disc},
}

@MISC{hardware:hddspeed,
	title = {Hard disk drive},
	author = {Wikipedia},
	year = {2013},
	url = {http://en.wikipedia.org/wiki/Hard_disk_drive},
}

@MISC{hardware:ssdspeed,
	title = {Solid-state drive},
	author = {Wikipedia},
	year = {2013},
	url = {http://en.wikipedia.org/wiki/Solid-state_drive},
}